@article{정현철2012과학고,
	title={과학고 및 영재고 Research and Education (R\&E) 운영실태 분석 및 활성화방안 제안: R\&E 운영담당자 면담사례를 중심으로},
	author={정현철 and 류춘렬 and 채유정},
	journal={영재교육연구},
	volume={22},
	number={2},
	pages={243--264},
	year={2012}
}

@article{parkjw-2009-1,
	title={과학영재를 위한 사사교육 준비와 유형에 대한 논의},
	author={박종원},
	journal={과학영재교육},
	volume={1},
	pages={1--19},
	year={2009},
	publisher={한국과학영재교육학회}
}

@article{최호성2015과학고,
	title={과학고 R\&E (Research \& Education) 프로그램의 참여 경험과 의미},
	author={최호성 and 태진미},
	journal={영재와 영재교육},
	volume={14},
	pages={51--79},
	year={2015},
	publisher={한국영재교육학회}
}
@article{정현철2012과학고,
	title={과학고 및 영재고 Research and Education (R\&E) 운영 현황 및 실태 분석},
	author={정현철 and 채유정 and 류춘렬},
	journal={영재교육연구},
	volume={22},
	number={3},
	pages={597--617},
	year={2012}
}
@article{정현철2012과학고,
	title={과학고 및 영재고 Research and Education (R\&E) 수행과정 및 운영환경 분석: 지도자와 학생의 인식 차이를 중심으로},
	author={정현철 and 채유정 and 류춘렬},
	journal={한국과학교육학회지},
	volume={32},
	number={7},
	pages={1139--1156},
	year={2012},
	publisher={한국과학교육학회}
}
@article{leedukgu2014,
	title={고해상도 전자광학카메라 초점조절장치 개발},
	author={이덕규 and 육영춘 and 연정흠 and 장수영 and 이응식},
	journal={한국항공우주학회 학술발표회 초록집},
	pages={553--555},
	year={2014}
}
@article{yunjonghwan2011lcd,
	title={LCD 패널 불량 검출을 위한 오토포커싱 알고리즘 개발},
	author={윤종환 and 이대종 and 이상원 and 전명근},
	journal={한국지능시스템학회 학술발표 논문집},
	volume={21},
	number={1},
	pages={17--18},
	year={2011}
}
@article{parksukhui2009Median,
	title={미디언 필터를 적용한 모바일 폰용 자동초점조절 알고리즘에 관한 연구},
	author={박석휘 and 김영철},
	journal={한국멀티미디어학회 학술발표논문집},
	pages={20--23},
	year={2009}
}
@article{leeseonghee1998Median,
	title={미디언 필터의 차이를 이용한 비디오 카메라의 자동초점조절 알고리즘 (Autofocusing Algorithm for Video Camera using the Difference of Medians)},
	author={이성희 and 김주현 and 최병태 and 고성제},
	journal={한국통신학회논문지},
	volume={23},
	number={1},
	pages={41--51},
	year={1998}
}

@article{braun2009optical,
	title={Optical photometry using Bradford robotic telescope},
	author={Braun, P Seal and Baruch, JEF},
	journal={Astrophysics and Space Science},
	volume={321},
	number={3-4},
	pages={177--183},
	year={2009},
	publisher={Springer}
}

@article{smith1992remotely,
	title={A remotely controlled CCD camera for telescope guidance and imaging},
	author={Smith, JW},
	journal={Journal of the British Astronomical Association},
	volume={102},
	pages={276--278},
	year={1992}
}

@article{davis2013walterlee,
	title={WalterLee heliFocus (Motorized Astronomical Focus)-DSLR \& Telephoto Lenses, Borg, Solarmax...},
	author={Davis, Walt},
	year={2013},
	publisher={Walt Davis}
}

@article{prouza2010fram,
	title={FRAM—The robotic telescope for the monitoring of the wavelength dependence of the extinction: description of hardware, data analysis, and results},
	author={Prouza, Michael and Jel{\'\i}nek, Martin and Kub{\'a}nek, Petr and Ebr, Jan and Tr{\'a}vn{\'\i}{\v{c}}ek, Petr and {\v{S}}m{\'\i}da, Radom{\'\i}r},
	journal={Advances in Astronomy},
	volume={2010},
	year={2010},
	publisher={Hindawi}
}

@incollection{kennedy2012focusing,
	title={Focusing and Framing},
	author={Kennedy, LA},
	booktitle={One-Shot Color Astronomical Imaging},
	pages={71--83},
	year={2012},
	publisher={Springer}
}

@incollection{peach2005high,
	title={High-Resolution Imaging of the Planets},
	author={Peach, Damian A},
	booktitle={Digital Astrophotography: The State of the Art},
	pages={89--97},
	year={2005},
	publisher={Springer}
}

@incollection{peach2013high,
	title={High Resolution Lunar and Planetary Imaging},
	author={Peach, Damian},
	booktitle={Lessons from the Masters},
	pages={233--259},
	year={2013},
	publisher={Springer}
}
@misc{persha2001temperature,
	title={Temperature compensating focuser for telescope},
	author={Persha, Gerald C},
	year={2001},
	month=dec # "~4",
	publisher={Google Patents},
	note={US Patent 6,327,081}
}
@misc{wiki-arduino,
	author = "Wikipedia",
	title = "{아두이노} --- {W}ikipedia{,} The Free Encyclopedia",
	year = "2019",
	howpublished = {\url{http://ko.wikipedia.org/w/index.php?title=\%EC\%95\%84\%EB\%91\%90\%EC\%9D\%B4\%EB\%85\%B8&oldid=24758975}},
	note = "[Online; accessed 31-August-2019]"
}
@inproceedings{weber2001fast,
	title={Fast auto-focus method and software for ccd-based telescopes},
	author={Weber, Larry and Brady, Steve},
	booktitle={Minor Planet Amateur/Professional Workshop},
	pages={104--113},
	year={2001}
}